<?xml version="1.0" encoding="UTF-8"?><collection xmlns="http://www.loc.gov/MARC21/slim"><record><leader>00620nam--2200217-u-4500</leader><controlfield tag="001">000053415</controlfield><controlfield tag="002">20161230</controlfield><controlfield tag="005">20161230201051</controlfield><controlfield tag="008">110404s1000------------r-----000-0-eng-d</controlfield><datafield ind1=" " ind2=" " tag="020"><subfield code="a">0691084807</subfield></datafield><datafield ind1=" " ind2=" " tag="040"><subfield code="a">IFIN-HH</subfield></datafield><datafield ind1=" " ind2=" " tag="080"><subfield code="a">530.145</subfield></datafield><datafield ind1="1" ind2=" " tag="100"><subfield code="a">Atiyah, Michael</subfield></datafield><datafield ind1="1" ind2="0" tag="245"><subfield code="a">The geometry and dynamics of magnetic monopoles</subfield><subfield code="c">Michael atiyah; nigel hitchin</subfield></datafield><datafield ind1=" " ind2=" " tag="260"><subfield code="a">Princeton, New Jersey</subfield><subfield code="b">Princeton University Press</subfield><subfield code="c">1988</subfield></datafield><datafield ind1=" " ind2=" " tag="300"><subfield code="a">133P</subfield></datafield><datafield ind1=" " ind2=" " tag="490"><subfield code="a">M.B. Porter Lectures</subfield></datafield><datafield ind1=" " ind2="4" tag="650"><subfield code="a">Differential Equations</subfield></datafield><datafield ind1="1" ind2=" " tag="700"><subfield code="a">Hitchin, Nigel</subfield></datafield><datafield ind1=" " ind2=" " tag="852"><subfield code="a">81324</subfield><subfield code="c">530.145</subfield></datafield><datafield ind1=" " ind2=" " tag="CAT"><subfield code="a">Sys</subfield><subfield code="c">20110404</subfield><subfield code="h">084637</subfield></datafield></record></collection>